% Spike-sorting BIBTEX refs.
% Alex Barnett
@string{jnm = "J.\ Neurosci.\ Methods"}

@article{gibson,
author={Gibson, S. and Judy, J. W. and Markovi\'c, D.},
title={Spike sorting: The first step in decoding the brain},
journal={IEEE Signal Proc.\ Mag.},
pages={124--143},
month={January},
year=2012,
doi={10.1109/MSP.2011.941880}
}

@article{chaitu,
author={Ekanadham, C. and Tranchina, D. and Simoncelli, E. P.},
title={A unified framework and method for automatic neural spike identification},
journal=jnm,
year=2013,
volume=222,
pages={47--55},
doi={10.1016/j.jneumeth.2013.10.001}
}

@article{lfporigin,
author="Buzs\'aki, G. and Anastassiou, C. A. and Koch, C.",
title={The origin of extracellular fields and currents---{EEG}, {ECoG}, {LFP} and spikes},
journal="Nat.\ Rev.\ Neurosci.",
volume=13,
year=2012,
pages={407--420},
doi={10.1038/nrn3241}
}

@article{prentice,
author={Prentice, J. S. and Homann, J. and Simmons, K. D. and Tka\v{c}ik, G. and Balasubramanian, V. and Nelson, P. C.},
title={Fast, scalable, {B}ayesian spike identification and multi-electrode arrays},
journal={PLoS ONE},
volume=6,
number=7,
year=2011,
pages={e19884},
doi={10.1371/journal.pone.0019884}
}

@misc{holt,
author={Holt, G. R.},
title={A critical reexamination of some assumptions and implications of cable
theory in neurobiology},
year=1998,
note={Ph.D. thesis (Caltech, advisor: C. Koch)}
}


@article{lewicki1998,
author={Lewicki, M S},
title={A review of methods for spike sorting: the detection and classification
of neural action potentials},
year=1998,
journal={Netw.\ Comput.\ Neural Syst.},
volume=9,
pages={R53--R78}
}

@article{brown2004,
author={Brown, Emery N and Kass, Robert E and Mitra, Partha P},
title={Multiple neural spike train data analysis: state-of-the-art and future challenges},
year=2004,
journal={Nature Neuroscience},
volume=7,
pages={456--459}
}

@article{fee1996,
author={Fee, Michael S and Mitra, Partha P and Kleinfeld, David},
title={Automatic sorting of multiple unit neuronal signals in the presence of anisotropic and non-{G}aussian variability},
year=1996,
journal=jnm,
volume=69,
pages={175--188}
}

@article{rand1971,
author={Rand, Willliam M},
title={Objecive criteria for the evaluation of clustering methods},
year=1971,
journal={J. Am. Stat. Assoc.},
volume=66,
pages={846--850}
}

@article{quiroga13,
author={{Camu\~nas-Mesa}, L. A. and Quiroga, R. Q.},
title={A Detailed and Fast Model of Extracellular Recordings},
year=2013,
journal={Neural Comput.},
volume=25,
pages={1191--1212}
}

@article{emcee,
title={{\tt emcee}: The {MCMC} {H}ammer},
author={Foreman-Mackey, D. and Hogg, D. W. and Lang, D. and Goodman, J.},
journal={Publications of the Astronomical Society of the Pacific},
volume={125},
number={925},
year={2013},
pages={306-312},
note={http://arxiv.org/abs/1202.3665},
doi={10.1086/670067}
}

@book{mackay03,
title={Information Theory, Inference, and Learning Algorithms},
author={MacKay, D. J.},
year=2003,
publisher={Cambridge University Press}
}

@article{ICA,
title={Independent Component Analysis: Algorithms and Applications},
author={Hyv\"arinen, A. and Oja, E.},
journal={Neural Networks},
volume={13},
number={4--5},
pages={411--430},
year=2000
}

@misc{caton,
author={Schulman, J.},
year=2009,
title={Caton: Spike-sorting software for multi-site probes},
note={http://code.google.com/p/caton/}
}

@misc{miyakawa,
author={Miyakawa, H. and Aonishi, T.},
title="Apparent extracellular current density and extracellular space: basis for the current source density analysis in neural tissue",
year=2012,
note={preprint?}
}

@article{carin,
author={Carlson, D. E. and Vogelstein, J. T. and Wu, Q. and Lian, W. and Zhou, M. and Stoetzner, C. R. and Kipke, D. and Weber, D. and Dunson, D. B. and Carin, L.},
year=2013,
title={Multichannel electrophysiology spike sorting via joint dictionary learning \& mixture modeling},
journal={IEEE Trans.\ Biomed.\ Eng.}
}

@article{swindale,
author={Swindale, N. V. and Spacek, M. A.},
title={Spike sorting for polytrodes: a divide and conquer approach},
journal={Frontiers in Systems Neurosci.},
year=2014,
volume=8,
number=6,
pages={1--21},
doi={10.3389/fnsys.2014.00006}
}



@article{tiganj,
author={Tiganj, Z. and Mboup, M.},
title={Neural spike sorting using iterative {ICA} and a deflation-based approach},
journal={J. Neural Eng.},
volume=9,
year=2012,
pages=066002,
doi={10.1088/1741-2560/9/6/066002}
}

@article{rutis,
author={Rutishauser, U. and Schuman, E. M. and Mamelak, A. N.},
title={Online detection and sorting of extracellularly recorded action potential in human medial temporal lobe recordings, in vivo},
year=2006,
journal=jnm,
volume=154,
pages={204--224},
doi={10.1016/j.jneumeth.2005.12.033}
}


@article{Li2015,
author = {Li, P. H. and Gauthier, J. L. and Schiff, M. and Sher, A. and Ahn, D. and Field, G. D. and Greschner, M. and Callaway, E. M. and Litke, A. M. and Chichilnisky, E. J.},
doi = {10.1523/JNEUROSCI.3675-14.2015},
journal = {J. Neurosci.},
keywords = {ganglion cells,immunohistochemistry,morphology,multielectrode array,retina,viral transfection},
number = {11},
pages = {4663--4675},
title = {Anatomical Identification of Extracellularly Recorded Cells in Large-Scale Multielectrode Recordings},
url = {http://www.jneurosci.org/cgi/doi/10.1523/JNEUROSCI.3675-14.2015},
volume = {35},
year = {2015}
}


@article{pillow,
author={Pillow, Jonathan W. and Shlens, Jonathon and Chichilnisky, E. J. and Simoncelli, Eero P.},
title={A Model-Based Spike Sorting Algorithm for Removing Correlation Artifacts in Multi-Neuron Recordings},
journal={PLoS ONE},
year=2013,
volume=8,
number=5,
pages={e62123}
}

@article{blanche,
author={T J Blanche and N V Swindale},
year=2006,
title={{N}yquist interpolation improves neuron yield in multiunit recordings},
journal=jnm,
volume=155,
pages={81--91}
}

@article{jeremy,
author={A A Robbins and S E Fox and G L Holmes and R C Scott and J M Barry},
title={Short duration waveforms recorded extracellularly from freely moving rats are representative of axonal activity},
journal={Frontiers in Neural Circuits},
year=2013,
volume=7,
pages={181}
}

@book{murphy,
author={K P Murphy},
title={Machine learning: a probabilistic perspective},
year = 2012,
publisher={MIT Press}
}

@book{greenecon,
author={W H Greene},
title={Econometric Analysis},
year=2011,
publisher={Prentice Hall}
}

@article{quirogaopinion,
author={R Q Quiroga},
title={Spike sorting},
year=2012,
journal={Curr.\ Biol.},
volume=22,
number=2,
pages={R45--R46}
}

@article{quirogascholarpedia,
author={Quiroga, R Q },
title={Spike sorting},
year=2007,
journal={Scholarpedia},
volume=2,
number=12,
pages={3583}
}

@misc{rossant,
title={Spike sorting for large, dense electrode arrays},
author={C Rossant and S Kadir and D F M Goodman and J Schulman and M Belluscio and G Buzsaki and K D Harris},
year=2015,
note={Biorxiv preprint available at {\tt http://dx.doi.org/10.1101/015198}}
}

@article{harris2000,
title={Accuracy of Tetrode Spike Separation as Determined by Simultaneous Intracellular and Extracellular Measurements},
author={Harris, K D and Henze, D A and Csicsvari, J and Hirase, H and Buzsaki, G},
year=2000,
journal={J. Neurophysiol.},
volume=84,
pages={401--414}
}

@article{GanaDresen2008,
author = {{Gana Dresen}, Irina M and Boes, Tanja and Huesing, Johannes and Neuhaeuser, Markus and Joeckel, Karl-Heinz},
doi = {10.1186/1471-2105-9-42},
file = {:Users/greengard/Documents/Mendeley Desktop/2008/Dresen et al/resampling\_cluster\_stability.pdf:pdf},
issn = {1471-2105},
journal = {BMC Bioinformatics},
pages = {42},
pmid = {18218074},
title = {New resampling method for evaluating stability of clusters},
volume = {9},
year = {2008}
}

@article{Neymotin2011,
author = {Neymotin, S. A. and Lytton, W. W. and Olypher, A. V. and Fenton, A. A.},
doi = {10.1523/JNEUROSCI.4053-11.2011},
file = {:Users/greengard/Documents/Mendeley Desktop/2011/Neymotin et al/Neymotin et al 2011b.pdf:pdf},
issn = {0270-6474},
journal = {J. Neurosci.},
number = {45},
pages = {16398--16409},
pmid = {22072690},
title = {Measuring the Quality of Neuronal Identification in Ensemble Recordings},
volume = {31},
year = {2011}
}

@article{Joshua2007,
author = {Joshua, Mati and Elias, Shlomo and Levine, Odeya and Bergman, Hagai},
doi = {10.1016/j.jneumeth.2007.03.012},
file = {:Users/greengard/Documents/Mendeley Desktop/2007/Joshua et al/Joshua\_JNSMethods\_2007.pdf:pdf},
isbn = {0165-0270 (Print)},
issn = {01650270},
journal = jnm,
keywords = {Multi-unit recording,Signal detection,Spike sorting},
number = {2},
pages = {267--282},
pmid = {17477972},
title = {Quantifying the isolation quality of extracellularly recorded action potentials},
volume = {163},
year = {2007}
}

@article{Lange2004,
author = {Lange, Tilman and Roth, Volker and Braun, Mikio L and Buhmann, Joachim M},
doi = {10.1162/089976604773717621},
file = {:Users/greengard/Documents/Mendeley Desktop/2004/Lange, Buhmann/Lange\_NeuralComp\_2004.pdf:pdf},
isbn = {0899-7667 (Print)},
issn = {0899-7667},
journal = {Neural comput.},
number = {6},
pages = {1299--1323},
pmid = {15130251},
title = {Stability-based validation of clustering solutions},
volume = {16},
year = {2004}
}
% model selection (# clusters) using stability metrics, in genomics.


@article{Wild2012,
author = {Wild, Jiri and Prekopcsak, Zoltan and Sieger, Tomas and Novak, Daniel and Jech, Robert},
doi = {10.1016/j.jneumeth.2011.10.013},
file = {:Users/greengard/Documents/Mendeley Desktop/2012/Wild et al/Wild\_JNSMethods\_2012.pdf:pdf},
issn = {01650270},
journal = jnm,
keywords = {Action potential,KlustaKwik,MClust,Micro-recording,Mutual information,Neuronal activity,OSort,Spike sorting,WaveClus},
number = {2},
pages = {369--376},
pmid = {22037595},
publisher = {Elsevier B.V.},
title = {Performance comparison of extracellular spike sorting algorithms for single-channel recordings},
url = {http://dx.doi.org/10.1016/j.jneumeth.2011.10.013},
volume = {203},
year = {2012}
}

@article{Oliynyk2012,
author = {Oliynyk, Andriy and Bonifazzi, Claudio and Montani, Fernando and Fadiga, Luciano},
doi = {10.1186/1471-2202-13-96},
file = {:Users/greengard/Documents/Mendeley Desktop/2012/Oliynyk et al/Oliynyk\_BMCNeuro\_2012\_.pdf:pdf},
issn = {1471-2202},
journal = {BMC Neurosci.},
number = {1},
pages = {96},
pmid = {22871125},
title = {Automatic online spike sorting with singular value decomposition and fuzzy {C}-mean clustering},
volume = {13},
year = {2012}
}

@article{Schmitzer-Torbert2005,
author = {Schmitzer-Torbert, N. and Jackson, J. and Henze, D. and Harris, K. and Redish, a. D.},
doi = {10.1016/j.neuroscience.2004.09.066},
file = {:Users/greengard/Documents/Mendeley Desktop/2005/Schmitzer-Torbert et al/Schmitzer-Torbert\_Neuro\_2005.pdf:pdf},
isbn = {0306-4522 (Print)$\backslash$n0306-4522 (Linking)},
issn = {03064522},
journal = {Neuroscience},
keywords = {extracellular recording,multi-channel electrode,spike sorting,stereotrode,tetrode,unit isolation},
number = {1},
pages = {1--11},
pmid = {15680687},
title = {Quantitative measures of cluster quality for use in extracellular recordings},
volume = {131},
year = {2005}
}

@article{Pouzat2002,
author = {Pouzat, C and Mazor, O and Laurent, G},
journal = jnm,
pages = {43--57},
title ={Using noise signature to optimize spike-sorting and to 
assess neuronal classification quality},
volume = {122},
year = {2002}
}

@article{Hill2011,
author = {Hill, Daniel N and Mehta, Samar B and Kleinfeld, David},
doi = {10.1523/JNEUROSCI.0971-11.2011},
file = {:Users/greengard/Documents/Mendeley Desktop/2011/Hill, Mehta, Kleinfeld/Hill\_JNeuro\_2011.pdf:pdf},
isbn = {1529-2401 (Electronic)$\backslash$r0270-6474 (Linking)},
issn = {0270-6474},
journal = {J. Neurosci.},
number = {24},
pages = {8699--8705},
pmid = {21677152},
title ={Quality metrics to accompany spike sorting of extracellular signals},
volume = {31},
year = {2011}
}

@article{Einevoll2012,
author = {Einevoll, Gaute T. and Franke, Felix and Hagen, Espen and Pouzat, Christophe and Harris, Kenneth D.},
doi = {10.1016/j.conb.2011.10.001},
file = {:Users/greengard/Documents/Mendeley Desktop/2012/Einevoll et al/Einevoll\_CurrentOpinion\_2012.pdf:pdf},
isbn = {1873-6882 (Electronic)$\backslash$r0959-4388 (Linking)},
issn = {09594388},
journal = {Curr.\ Opin.\ Neurobiol.},
number = {1},
pages = {11--17},
pmid = {22023727},
publisher = {Elsevier Ltd},
title = {Towards reliable spike-train recordings from thousands of neurons with multielectrodes},
url = {http://dx.doi.org/10.1016/j.conb.2011.10.001},
volume = {22},
year = {2012}
}

@article{Kadir2014,
author = {Kadir, Shabnam N. and Goodman, Dan F. M. and Harris, Kenneth D.},
doi = {10.1162/NECO},
eprint = {1309.2848v1},
file = {:Users/greengard/Documents/Mendeley Desktop/2014/Kadir, Goodman, Harris/emss-60631.pdf:pdf},
issn = {1530888X},
journal = {Neural computation},
keywords = {clustering algorithm,high-dimensional,spike sorting},
number = {11},
pages = {2379--2394},
pmid = {25602775},
title = {High-dimensional cluster analysis with the Masked {EM} Algorithm},
volume = {26},
year = {2014}
}

@article{Moore-Kochlacs2014,
author = {Moore-Kochlacs, Caroline and Scholvin, Jorg and Kinney, Justin P and Bernstein, Jacob G and Yoon, Young and Arfin, Scott K and Kopell, Nancy and Boyden, Ed S},
doi = {10.1186/1471-2202-15-S1-P122},
file = {:Users/greengard/Documents/Mendeley Desktop/2014/Moore-Kochlacs et al/1471-2202-15-S1-P122.pdf:pdf},
issn = {1471-2202},
journal = {BMC Neuroscience},
number = {Suppl 1},
pages = {P122},
publisher = {BioMed Central Ltd},
title = {Principles of high-fidelity, high-density 3-d neural recording},
url = {http://www.biomedcentral.com/1471-2202/15/S1/P122},
volume = {15},
year = {2014}
}

@book{zakibook,
author={M J Zaki and W {Meira Jr}},
title={Data mining and analysis: fundamental concepts and algorithms},
year=2014,
publisher={Cambridge University Press, New York, NY}
}

@inproceedings{Arthur07,
author={D Arthur and S Vassilvitskii},
year=2007,
title={{\tt k-means++}: the advantages of careful seeding},
booktitle = {In Proceedings of the 18th Annual ACM-SIAM Symposium on Discrete Algorithms}
}

@article{luxburg,
title={Clustering Stability: {A}n Overview},
author={{von Luxburg}, U},
year=2009,
journal={Found.\ Trends Mach.\ Learn.},
volume=2,
number=3,
pages={235--274}
}

@article{kuhn,
author={H W Kuhn},
title={The {H}ungarian Method for the assignment problem},
journal={Naval Res.\ Logist.\ Quart.\},
volume=2,
pages={83--97},
year=1955
}
%Kuhn's original publication.

@article{binyu2013,
author={Yu, Bin},
journal={Bernoulli},
year=2013,
title={Stability},
volume=19,
issue=4,
pages={1484--1500}
}
%DOI: 10.3150/13-BEJSP14   review article on stability in statistics

@article{krieger,
title={A cautionary note on using internal cross validation to select the number of clusters},
author={A M Krieger and P E Green},
year=1999,
journal={Psychometrika},
volume=64,
number=3,
pages={341--353}
}
% original realiztion of stability->1 for large N, cited by Shamir+Tishby

@article{shamir,
title={On the Reliability of Clustering Stability in the Large Sample Regime},
author={O Shamir and N Tishby},
year=2009,
journal={Advances in neural information processing systems (NIPS)},
pages={1465--1472}
}

@Incollection{mackayerice,
  author = 	 "D. J. C.  MacKay",
  title = 	 "Introduction to {M}onte {C}arlo Methods",
  publisher = "Kluwer Academic Press",
booktitle={Learning in Graphical Models},
  year = 	 "1998",
  editor = 	 "M. I. Jordan",
  pages = 	 "175-204",
series={NATO Science Series}
}

@article{tankus,
title={An automatic measure for classifying clusters of suspected spikes into single cells versus multiunits},
author={Ariel Tankus and Yehezkel Yeshurun and Itzhak Fried},
journal={J. Neural Eng.},
year=2009,
volume=6,
number=5,
pages={056001}
}
%doi:10.1088/1741-2560/6/5/056001

@book{dlmf,
title="{NIST} Handbook of Mathematical Functions",
editor={Frank W. J. Olver and Daniel W. Lozier and Ronald F. Boisvert and Charles W. Clark},
publisher={Cambridge University Press},
year=2010,
note={{\tt http://dlmf.nist.gov}}
}

@article{litke,
author={A M Litke and N Bezayiff and E J Chichilnisky and W Cunningham and W Dabrowski and A A Grillo and M Grivich and P Grybos and P Hottowy and S Kachiguine and R S Kalmar and K Mathieson and D Petrusca D and M Rahman and A Sher},
year=2004,
title={What does the eye tell the brain? {D}evelopment of a system for the large scale recording of retinal output activity},
journal={IEEE Trans.\ Nucl.\ Sci.},
volume=51,
number=4,
pages={1434--1440}
}

@article{Franke,
title={An online spike detection and spike classification algorithm capable of instantaneous resolution of overlapping spikes},
author={Felix Franke and Michal Natora and Clemens Boucsein and Matthias H. J. Munk and Klaus Obermayer},
journal={J Comput. Neurosci.},
year=2010,
volume=29,
pages={127--148}
}

@article{clusterwise,
title={Cluster-wise assessment of cluster stability},
author={C Hennig},
year=2007,
journal={Comput. Stat. Data An.},
volume=52,
number=1,
pages={258--271}
}

@article{kreuz,
author={Thomas Kreuz},
title={Measures of spike train synchrony},
year=2011,
journal={Scholarpedia},
volume=6,
number=10,
pages={11934},
note={revision #150603}
}
% http://www.scholarpedia.org/article/Measures_of_spike_train_synchrony

@article{takahashiICA,
journal={Neurocomputing},
volume=49,
year=2002,
pages={289--298},
title={Classification of neuronal activities from tetrode recordings using independent component analysis},
author={Susumu Takahashi and Yoshio Sakurai and Minoru Tsukada and Yuichiro Anzai}
}

@article{salamander,
author={Olivier Marre and Dario Amodei and Nikhil Deshmukh and Kolia Sadeghi and Frederick Soo and Timothy E. Holy and Michael J. Berry II},
year=2012,
journal={J. Neurosci.},
title={Mapping a Complete Neural Population in the Retina},
volume=32,
number=43,
pages={14859--14873}
}

@article{wood,
  author = {Wood, F. and Black, M. J.},
  journal = jnm,
  pages = {1--12},
  title = {A Non-parametric {B}ayesian alternative to spike sorting},
  volume = {173},
  year = {2008}
}

@misc{brendon,
author={B O Watson and G Buzs\'aki},
title={Personal communication},
year=2015,
}

@article{visapy,
author={Hagen, E and Ness, T V and Khosrowshahi, A and S{\o}rensen, C and Fyhn, M and Hafting, T and Franke, F and Einevoll, G T},
title={{ViSAPy}: {A} {P}ython tool for biophysics-based generation of virtual spiking activity for evaluation of spike-sorting algorithms},
year=2015,
journal=jnm,
volume=245,
pages={182--204}
}

@article{Franke15,
title={{B}ayes optimal template matching for spike sorting --- combining {F}isher discriminant analysis with optimal filtering},
author={F Franke and R Q Quiroga and A Hierlemann and K Obermayer},
year=2015,
journal={J. Comput. Neurosci.},
volume=38,
pages={439--459}
}

@article{Frankeoverlap,
author={Franke, F and Pr\"opper, R and Alle, H and Meier, P and Geiger, J R and Obermayer, K and Munk, M H},
title={Spike Sorting of Synchronous Spikes from Local Neuron Ensembles},
journal={J. Neurophysiol.},
year={2015},
volume=114,
nuymber=4,
pages={2535--49}
}


@ARTICLE{MEA128x128,
author={Eversmann, B. and Jenkner, M. and Hofmann, F. and Paulus, C. and Brederlow, R. and Holzapfl, B. and Fromherz, P. and Merz, M. and Brenner, M. and Schreiter, M. and Gabl, R. and Plehnert, K. and Steinhauser, M. and Eckstein, G. and Schmitt-Landsiedel, D. and Thewes, R.}, 
journal={IEEE J. Solid-State Circuits}, 
title={A 128 $\times$ 128 {CMOS} biosensor array for extracellular recording of neural activity},
year={2003}, 
volume={38}, 
number={12}, 
pages={2306-2317},
}
doi={10.1109/JSSC.2003.819174}, 

@article{MEABerdondini,
title={Active pixel sensor array for high spatio-temporal resolution electrophysiological recordings from single cell to large scale neuronal networks},
author={L. Berdondini and K. Imfeld and A. Maccione and M. Tedesco and S. Neukom and M. Koudelka-Hep and S. Martinoia},
journal={Lab Chip},
year={2009},
volume=9,
pages={2644--2651}
}

@article{MEA1024,
author={J M\"uller and Marco Ballini and Paolo Livi and Yihui Chen and Milos Radivojevic and Amir Shadmani and Vijay Viswam and Ian L. Jones and Michele Fiscella and Roland Diggelmann and Alexander Stettler and Urs Frey and Douglas J. Bakkuma and Andreas Hierlemann},
title={High-resolution {CMOS} {MEA} platform to study neurons at subcellular, cellular, and network levels},
journal={Lab Chip},
year={2015},
volume=15,
pages={2767--80}
}

@article{Martinez09,
author={Martinez, J and Pedreira, C and Ison, M J and Quiroga, R Q},
title={Realistic simulation of extracellular recordings},
journal=jnm,
volume=184,
year=2009,
pages={285--293}
}

@article{neto16,
year=2016,
author={Neto, J P  and Lopes, G and Fraz\~ao, J and Nogueira, J and Lacerda, P and Bai\~ao, P and Aarts, A and Andrei, A and Musa, S and Fortunato, E and Barquinha, P and Kampff, A R},
title={Validating silicon polytrodes with paired juxtacellular recordings: method and dataset},
journal={J. Neurophysiology},
pages={892--903},
volume=116,
number=2,
}
% doi:10.1152/jn.00103.2016

@misc{kilosort,
author={Pachitariu, M and Steinmetz, N and Kadir, S and Carandini, M and Harris, K D},
title={Kilosort: realtime spike-sorting for extracellular electrophysiology with hundreds of channels},
year=2016,
note="Advances in Neural Information Processing Systems; bioRxiv 061481"
}

@article{yger18,
author={Yger, P and Spampinato, G L B and Esposito, E and Lefebvre, B and Deny, S and Gardella, C and Stimberg, M and Jetter, F and Zeck, G and Picaud, S and Duebel, J and Marre, O},
year=2018,
title={A spike sorting toolbox for up to thousands of electrodes validated with ground truth recordings {\em in vitro} and {\em in vivo}},
journal={eLife},
pages={7:e34518}
}
% was yger16
% note={bioRvix 067843}
% title was in 2016: Fast and accurate spike sorting {\em in vitro} and {\em in vivo} for up to thousands of electrodes

@article{validspike,
author={Barnett, A H and Magland, J F and Greengard, L F},
journal=jnm,
year=2016,
title={Validation of neural spike sorting algorithms without ground-truth information},
volume=364,
pages={65--77},
}

@article{mountainsort,
author={Chung, Jason E. and Magland, Jeremy F. and Barnett, A H and Tolosa, V M and Tooker, A C and Lee, K Y and Shah, K G and  Felix, S H and Frank, L M and Greengard, L F},
title={A Fully Automated Approach to Spike Sorting},
journal={NEURON},
volume={95},
number={6},
year=2017,
pages={1381--1394}
}

@misc{allenthesis,
author={Allen, B D},
title={Ground truth in ultra-dense neural recording},
note={Ph.D thesis, MIT, \url{http://hdl.handle.net/1721.1/109655}},
year={2017},
}

@misc{carolinethesis,
author={Moore-Kochlacs, C E},
title={Extracellular electrophysiology with close-packed recording sites: spike sorting and characterization},
note={Ph.D thesis, BU, \url{https://open.bu.edu/bitstream/handle/2144/19751/MooreKochlacs_bu_0017E_12440.pdf}},
year={2016},
}

@article{spc,
year=2004,
title={Unsupervised Spike Detection and Sorting with Wavelets and Superparamagnetic Clustering},
author={Quiroga, R Q and Nadasdy, Z and Ben-Shaul, Y},
journal={Neural Computation},
volume={16},
pages={1661--1687}
}

@misc{jrclust,
year=2017,
title={Real-time spike sorting platform for high-density extracellular probes with ground-truth validation and drift correction},
author={Jun, JJ and Mitelut, C and Lai, C and Gratiy, S and Anastassiou, C and Harris, TD},
note={biorxiv:101030},
}
% http://dx.doi.org/10.1101/101030

